<?xml version="1.0" encoding="UTF-8" ?>
<collection xmlns:xsi="http://www.w3.org/2001/XMLSchema-instance"
    xsi:schemaLocation="http://www.loc.gov/MARC21/slim
        http://www.loc.gov/standards/marcxml/schema/MARC21slim.xsd"
    xmlns="http://www.loc.gov/MARC21/slim">
<record>
  <leader>00357cam a2200733 i 4500</leader>
  <controlfield tag="001">b12392376</controlfield>
  <controlfield tag="003">LeBAU</controlfield>
  <controlfield tag="005">20180912</controlfield>
  <controlfield tag="008">970313s1935    ua a          ||0 0 ara d</controlfield>
  <datafield tag="035" ind1=" " ind2=" ">
    <subfield code="a">ocn784295171</subfield>
  </datafield>
  <datafield tag="040" ind1=" " ind2=" ">
    <subfield code="a">LEAUB</subfield>
    <subfield code="b">ara</subfield>
    <subfield code="e">rda</subfield>
    <subfield code="c">LEAUB</subfield>
    <subfield code="d">LEAUB</subfield>
  </datafield>
  <datafield tag="082" ind1="0" ind2="4">
    <subfield code="a">297.52</subfield>
    <subfield code="2">20</subfield>
  </datafield>
  <datafield tag="100" ind1="1" ind2=" ">
    <subfield code="6">880-01</subfield>
    <subfield code="a">Rifāʻī, Ḥusayn Muḥammad,</subfield>
    <subfield code="e">author.</subfield>
  </datafield>
  <datafield tag="245" ind1="1" ind2="0">
    <subfield code="6">880-02</subfield>
    <subfield code="a">Dīwān Khulāṣat al-adab fī kifāyat al-khuṭabāʼ min al-khuṭab :</subfield>
    <subfield code="b">jamharat adab wa-inshā’ wa-ʻiẓāt lil-ʻArab al-jāhilīyah wa-al-mukhaḍramīn wa-ṣadr al-Islām wa-al-ʻaṣr al-Umawī wa-al-ʻAbbāsī wa-al-ānn wa-khuṭab minbarīyah ʻaṣrīyah /</subfield>
    <subfield code="c">lil-ʻālim dhī al-darajatayn wa-al-kātib al-qadīr ṣāḥib al-faḍīlah al-ustādh al-Sayyid Ḥusayn Muḥammad al-Rifāʻī, bi-Dār al-Kutub al-Miṣrīyah bi Miṣr.</subfield>
  </datafield>
  <datafield tag="246" ind1="3" ind2="0">
    <subfield code="6">880-03</subfield>
    <subfield code="a">khulāṣat al-adab fī kifāyat al-khuṭabāʼ min al-khuṭab</subfield>
  </datafield>
  <datafield tag="264" ind1=" " ind2="1">
    <subfield code="6">880-04</subfield>
    <subfield code="a">Miṣr :</subfield>
    <subfield code="b">al-Maṭbaʻh al-Raḥmānīyah,</subfield>
    <subfield code="c">1354 H. = 1935 M.</subfield>
  </datafield>
  <datafield tag="300" ind1=" " ind2=" ">
    <subfield code="6">880-05</subfield>
    <subfield code="a">320 pages :</subfield>
    <subfield code="b">illustrations, portraits, facsimiles ;</subfield>
    <subfield code="c">20 cm</subfield>
  </datafield>
  <datafield tag="336" ind1=" " ind2=" ">
    <subfield code="a">text</subfield>
    <subfield code="b">txt</subfield>
    <subfield code="2">rdacontent</subfield>
  </datafield>
  <datafield tag="336" ind1=" " ind2=" ">
    <subfield code="a">still image</subfield>
    <subfield code="b">sti</subfield>
    <subfield code="2">rdacontent</subfield>
  </datafield>
  <datafield tag="337" ind1=" " ind2=" ">
    <subfield code="a">unmediated</subfield>
    <subfield code="b">n</subfield>
    <subfield code="2">rdamedia</subfield>
  </datafield>
  <datafield tag="338" ind1=" " ind2=" ">
    <subfield code="a">volume</subfield>
    <subfield code="b">nc</subfield>
    <subfield code="2">rdacarrier</subfield>
  </datafield>
  <datafield tag="520" ind1="0" ind2=" ">
    <subfield code="a">"يشتمل على خطب منبرية للجمعة والمواسم  بطريقة لم تسبق بحيث توافق حالة الأمم وعلى خطب وعظية عامة منبرية تناسب حالة المسلمين في كل عصر ومكان وعلى لؤلؤ الخطب المنبرية الموروثة التي خطبها النبي عليه الصلاة والسلام على منبري مكة والمدينة للجمعة وكذلك خطب الخلفاء الراشدين أبي بكر وعمر وعثمان وعلي والحسن والحسين ومعاوية وعبد الملك وعمر بن عبد العزيز والحسن البصري والمنصور والمهدي وهارون الرشيد والمأمون وعلى خطب إجتماعية عامة وخطب لفحول العرب زمن الجاهلية والاسلام."</subfield>
  </datafield>
  <datafield tag="600" ind1="0" ind2="4">
    <subfield code="a">محمد،</subfield>
    <subfield code="c">النبي،</subfield>
    <subfield code="d">-632</subfield>
    <subfield code="x">الخطب.</subfield>
  </datafield>
  <datafield tag="600" ind1="0" ind2="4">
    <subfield code="a">أبو بكر الصديق،</subfield>
    <subfield code="c">الخليفة،</subfield>
    <subfield code="d">-634</subfield>
    <subfield code="x">الخطب.</subfield>
  </datafield>
  <datafield tag="600" ind1="0" ind2="4">
    <subfield code="a">عمر بن الخطاب</subfield>
    <subfield code="c">الخليفة،</subfield>
    <subfield code="d">-644</subfield>
    <subfield code="x">الخطب.</subfield>
  </datafield>
  <datafield tag="600" ind1="0" ind2="4">
    <subfield code="a">عثمان بن عفان</subfield>
    <subfield code="c">الخليفة،</subfield>
    <subfield code="d">-656</subfield>
    <subfield code="x">الخطب.</subfield>
  </datafield>
  <datafield tag="600" ind1="0" ind2="4">
    <subfield code="a">علي بن أبي طالب،</subfield>
    <subfield code="c">الخليفة،</subfield>
    <subfield code="d">حوالي 600-661</subfield>
    <subfield code="x">الخطب.</subfield>
  </datafield>
  <datafield tag="600" ind1="0" ind2="4">
    <subfield code="a">الحسن بن علي،</subfield>
    <subfield code="d">-حوالي 669</subfield>
    <subfield code="x">الخطب.</subfield>
  </datafield>
  <datafield tag="600" ind1="0" ind2="4">
    <subfield code="a">الحسين بن علي،</subfield>
    <subfield code="d">-680</subfield>
    <subfield code="x">الخطب.</subfield>
  </datafield>
  <datafield tag="600" ind1="0" ind2="4">
    <subfield code="a">معاوية بن أبي سفيان،</subfield>
    <subfield code="c">الخليفة،</subfield>
    <subfield code="d">-680</subfield>
    <subfield code="x">الخطب.</subfield>
  </datafield>
  <datafield tag="600" ind1="0" ind2="4">
    <subfield code="a">عبد الملك بن مروان،</subfield>
    <subfield code="c">الخليفة،</subfield>
    <subfield code="d">642-705</subfield>
    <subfield code="x">الخطب.</subfield>
  </datafield>
  <datafield tag="600" ind1="0" ind2="4">
    <subfield code="a">عمر</subfield>
    <subfield code="b">الثاني،</subfield>
    <subfield code="c">الخليفة،</subfield>
    <subfield code="d">-720</subfield>
    <subfield code="x">الخطب.</subfield>
  </datafield>
  <datafield tag="600" ind1="0" ind2="4">
    <subfield code="a">الحسن البصري،</subfield>
    <subfield code="d">642 او 642-728 او 729</subfield>
    <subfield code="x">الخطب.</subfield>
  </datafield>
  <datafield tag="600" ind1="1" ind2="4">
    <subfield code="a">المنصور، ابو جعفر،</subfield>
    <subfield code="c">الخليفة،</subfield>
    <subfield code="d">حوالي 712-775</subfield>
    <subfield code="x">الخطب.</subfield>
  </datafield>
  <datafield tag="600" ind1="0" ind2="4">
    <subfield code="a">المهدي،</subfield>
    <subfield code="c">الخليفة،</subfield>
    <subfield code="d">-785</subfield>
    <subfield code="x">الخطب.</subfield>
  </datafield>
  <datafield tag="600" ind1="0" ind2="4">
    <subfield code="a">هارون الرشيد</subfield>
    <subfield code="x">الخطب.</subfield>
  </datafield>
  <datafield tag="600" ind1="0" ind2="4">
    <subfield code="a">المأمون،</subfield>
    <subfield code="c">الخليفة،</subfield>
    <subfield code="d">786-833</subfield>
    <subfield code="x">الخطب.</subfield>
  </datafield>
  <datafield tag="600" ind1="0" ind2="0">
    <subfield code="a">Muḥammad,</subfield>
    <subfield code="c">Prophet,</subfield>
    <subfield code="d">-632</subfield>
    <subfield code="x">Oratory.</subfield>
  </datafield>
  <datafield tag="600" ind1="0" ind2="0">
    <subfield code="a">Abū Bakr,</subfield>
    <subfield code="c">Caliph,</subfield>
    <subfield code="d">-634</subfield>
    <subfield code="x">Oratory.</subfield>
  </datafield>
  <datafield tag="600" ind1="0" ind2="0">
    <subfield code="a">ʻUmar ibn al-Khaṭṭāb,</subfield>
    <subfield code="c">Caliph,</subfield>
    <subfield code="d">-644</subfield>
    <subfield code="x">Oratory.</subfield>
  </datafield>
  <datafield tag="600" ind1="0" ind2="0">
    <subfield code="a">ʻUthmān ibn ʻAffān,</subfield>
    <subfield code="c">Caliph,</subfield>
    <subfield code="d">-656</subfield>
    <subfield code="x">Oratory.</subfield>
  </datafield>
  <datafield tag="600" ind1="0" ind2="0">
    <subfield code="a">ʻAlī ibn Abī Ṭālib,</subfield>
    <subfield code="c">Caliph,</subfield>
    <subfield code="d">approximately 600-661</subfield>
    <subfield code="x">Oratory.</subfield>
  </datafield>
  <datafield tag="600" ind1="0" ind2="0">
    <subfield code="a">Ḥasan ibn ʻAlī,</subfield>
    <subfield code="d">-approximately 669</subfield>
    <subfield code="x">Oratory.</subfield>
  </datafield>
  <datafield tag="600" ind1="0" ind2="0">
    <subfield code="a">Ḥusayn ibn ʻAlī,</subfield>
    <subfield code="d">-680</subfield>
    <subfield code="x">Oratory.</subfield>
  </datafield>
  <datafield tag="600" ind1="0" ind2="0">
    <subfield code="a">Muʻāwiyah ibn Abī Sufyān,</subfield>
    <subfield code="c">Caliph,</subfield>
    <subfield code="d">-680</subfield>
    <subfield code="x">Oratory.</subfield>
  </datafield>
  <datafield tag="600" ind1="0" ind2="0">
    <subfield code="a">ʻAbd al-Malik ibn Marwān,</subfield>
    <subfield code="c">Caliph,</subfield>
    <subfield code="d">642-705</subfield>
    <subfield code="x">Oratory.</subfield>
  </datafield>
  <datafield tag="600" ind1="0" ind2="0">
    <subfield code="a">ʻUmar</subfield>
    <subfield code="b">II,</subfield>
    <subfield code="c">Caliph,</subfield>
    <subfield code="d">-720</subfield>
    <subfield code="x">Oratory.</subfield>
  </datafield>
  <datafield tag="600" ind1="0" ind2="0">
    <subfield code="a">Ḥasan al-Baṣrī,</subfield>
    <subfield code="d">641 or 642-728 or 729</subfield>
    <subfield code="x">Oratory.</subfield>
  </datafield>
  <datafield tag="600" ind1="1" ind2="0">
    <subfield code="a">Manṣūr, Abū Jaʻfar,</subfield>
    <subfield code="c">Caliph,</subfield>
    <subfield code="d">approximately 712-775</subfield>
    <subfield code="x">Oratory.</subfield>
  </datafield>
  <datafield tag="600" ind1="0" ind2="0">
    <subfield code="a">Mahdī,</subfield>
    <subfield code="c">Caliph,</subfield>
    <subfield code="d">-785</subfield>
    <subfield code="x">Oratory.</subfield>
  </datafield>
  <datafield tag="600" ind1="0" ind2="0">
    <subfield code="a">Hārūn al-Rashīd</subfield>
    <subfield code="x">Oratory.</subfield>
  </datafield>
  <datafield tag="600" ind1="0" ind2="0">
    <subfield code="a">Maʼmūn,</subfield>
    <subfield code="c">Caliph,</subfield>
    <subfield code="d">786-833</subfield>
    <subfield code="x">Oratory.</subfield>
  </datafield>
  <datafield tag="650" ind1=" " ind2="4">
    <subfield code="a">المواعظ الاسلامية العربية.</subfield>
  </datafield>
  <datafield tag="650" ind1=" " ind2="0">
    <subfield code="a">Islamic sermons, Arabic.</subfield>
  </datafield>
  <datafield tag="852" ind1=" " ind2=" ">
    <subfield code="a">Jafet Library</subfield>
    <subfield code="e">American University of Beirut, Bliss Street , Beirut, Lebanon.</subfield>
  </datafield>
  <datafield tag="880" ind1="1" ind2=" ">
    <subfield code="6">100-01/(3/r</subfield>
    <subfield code="a">الرفاعي، حسين محمد،</subfield>
    <subfield code="e">مؤلف. </subfield>
    <subfield code="4">aut.</subfield>
  </datafield>
  <datafield tag="880" ind1="1" ind2="0">
    <subfield code="6">245-02/(3/r</subfield>
    <subfield code="a">ديوان خلاصة الأدب في كفاية الخطباء من الخطب :</subfield>
    <subfield code="b">جمهرة أدب وإنشاء وعظات للعرب الجاهلية والمخضرمين وصدر الإسلام والعصر الأموي والعباسي والآن وخطب منبرية عصرية /</subfield>
    <subfield code="c">للعالم ذي الدرجتين والكاتب القدير صاحب الفضيلة الأستاذ السيد حسين محمد الرفاعي، بدار الكتب المصرية بمصر.</subfield>
  </datafield>
  <datafield tag="880" ind1="3" ind2="0">
    <subfield code="6">246-03/(3/r</subfield>
    <subfield code="a">خلاصة الأدب في كفاية الخطباء من الخطب</subfield>
  </datafield>
  <datafield tag="880" ind1=" " ind2="1">
    <subfield code="6">264-04/(3/r</subfield>
    <subfield code="a">مصر :</subfield>
    <subfield code="b">المطبعة الرحمانية،</subfield>
    <subfield code="c">1354 هـ. = 1935 م.</subfield>
  </datafield>
  <datafield tag="880" ind1=" " ind2=" ">
    <subfield code="6">300-05/(3/r</subfield>
    <subfield code="a">320 صفحة :</subfield>
    <subfield code="b">مصورات، صور شخصانية، صور طبق الأصل ؛</subfield>
    <subfield code="c">20 سم</subfield>
  </datafield>
  <datafield tag="907" ind1=" " ind2=" ">
    <subfield code="a">.b12392376</subfield>
    <subfield code="b">18-09-18</subfield>
    <subfield code="c">11-05-24</subfield>
  </datafield>
  <datafield tag="907" ind1=" " ind2=" ">
    <subfield code="a">.b12392376</subfield>
    <subfield code="b">15-10-15</subfield>
    <subfield code="c">11-05-24</subfield>
  </datafield>
  <datafield tag="945" ind1=" " ind2=" ">
    <subfield code="f">J</subfield>
    <subfield code="a">297.52:R56dA:c.1</subfield>
    <subfield code="i">01012393</subfield>
    <subfield code="j">.i12852223</subfield>
    <subfield code="l">u0503</subfield>
  </datafield>
  <datafield tag="998" ind1=" " ind2=" ">
    <subfield code="a">u05</subfield>
    <subfield code="b">97-03-13</subfield>
    <subfield code="c">m</subfield>
    <subfield code="d">a  </subfield>
    <subfield code="e">-</subfield>
    <subfield code="f">ara</subfield>
    <subfield code="g">ua </subfield>
    <subfield code="h">0</subfield>
    <subfield code="i">1</subfield>
  </datafield>
</record>
</collection>
